@string {kyrre = "Kyrre Glette"}
@string {chandra = "Arjun Chandra"}
@string {plew = "Peter R. Lewis"}
@string {nymoen = "Kristian Nymoen"}
@string {jimtoer = "Jim Torresen"}
@string {stilk = "Stephan C. Stilkerich"}
@string {esterle = "Lukas Esterle"}


@inbook{sacs16_ch2,
	author = plew # " and " # chandra # " and " # kyrre,
	title = {Self-aware Computing Systems: Self-awareness and Self-expression: Inspiration from Psychology},
	chapter = 2,
	pages = {9-21},
	publisher = {Springer},
	year = {2016}
}

@inbook{sacs16_ch4,
	author = chandra # " and " # plew # " and " # kyrre # " and " # stilk,
	title = {Self-aware Computing Systems: Reference Architecture for Self-aware and Self-expressive Computing Systems},
	chapter = 4,
	pages = {37-49},
	publisher = {Springer},
	year = {2016}
}

@inbook{sacs17_ch1, 
    author = "Samuel Kounev" # " and " # plew # " and " # "Kirstie L. Bellman" # " and " # "Nelly Bencomo" # " and " # "Javier Camara" # " and " # "Ada Diaconescu" # " and " # esterle  # " and " # "Kurt Geihs" # " and " # "Holger Giese" # " and " # "Sebastian Götz" # " and " # "Paola Inverardi" # " and " # "Jeffrey O. Kephart" # " and " # "Andrea Zisman",
    title = "Self-Aware Computing Systems: The Notion of Self-aware Computing",
    chapter = 1,
    pages = {3-16},
    publisher = {Springer},
    year = {2017}
}

@inbook{sacs17_ch3, 
    author = plew # " and " # "Kirstie L. Bellman" # " and " # "Christopher Landauer" # " and " # esterle # " and " # kyrre # " and " # "Ada Diaconescu et al.",
    title = "Self-Aware Computing Systems: Towards a Framework for the Levels and Aspects of Self-aware Computing Systems",
    chapter = 3,
    pages = {51-85},
    publisher = {Springer},
    year = {2017}
}

@comment KANSKJE DOBBELTSJEKK MED KYRRE OM JOURNALEN TIL DENNE ARTIKKELEN
@article{casa,
    author = {Kazuhiro Nakadai and Hiroshi G. Okuno},
    title = {Robot Audition and Computational Auditory Scene
Analysis},
    journal = {WILEY-VCH Verlag GmbH \& Co. KGaA, Weinheim},
    year = 2020
}

@article{SoloJam,
    author = chandra # " and " # nymoen # " and " # "Arve Voldsund" # " and " # "Alexander            Refsum Jensenius" # " and " # kyrre # " and " # jimtoer,
    title = "Enabling Participants to Play Rhythmic Solos Within a Group via Auctions",
    journal = {9th International Symposium on Computer Music Modelling and Retrieval               (CMMR 2012), Queen Mary University of London},
    year = 2012
}

@comment KANSKJE DOBBELTSJEKK MED KYRRE OM JOURNALEN TIL DENNE ARTIKKELEN
@article{nymoen_synch,
    author = nymoen # " and " # chandra # " and " # kyrre # " and " # jimtoer,
    title = "Decentralized Harmonic Synchronization in Mobile Music Systems",
    journal = "Grant agreement no. 257906 (EPiCS) from EU FP7",
    year = 2014
}

@article{mitchell,
    author = "Melanie Mitchell",
    title = "Self-Awareness and Control in Decentralized Systems",
    journal = "AAAI Spring Symposium: Metacognition in Computation",
    year = 2005
}

@comment KANSKJE DOBBELTSJEKK MED KYRRE OM JOURNALEN TIL DENNE ARTIKKELEN
@article{cocoro,
    author = "Thomas Schmickl" # " and " # "Ronald Thenius" # " and " # "Christoph Moslinger" # " and " # "Jon Timmis" # " and " # "Andy Tyrrell" # " and " # "Mark Read" # " and " # "James Hilder et al.",
    title = "CoCoRo - The Self-aware Underwater Swarm",
    journal = "IEEE",
    year = 2011
}

@article{esterle_camera,
    author = "Bernhard Rinner" # " and " # "Lukas Esterle" # " and " # "Jennifer Simonjan" # " and " # "Georg Nebehay" # " and " # "Roman Pflugfelder" # " and " # "Gustavo Fernandéz Domínguez" # " and " # "Peter R. Lewis",
    title = "Self-aware and self-expressive camera networks",
    journal = "Computer",
    year = 2015
}